@techreport{aguiar2020hand,
  title={Who are the Hand-to-Mouth?},
  author={Aguiar, Mark A and Bils, Mark and Boar, Corina},
  year={2020},
  institution={National Bureau of Economic Research}
}

@techreport{attanasio2020temptation,
  title={Temptation and commitment: Understanding hand-to-mouth behavior},
  author={Attanasio, Orazio and Kovacs, Agnes and Moran, Patrick},
  year={2020},
  institution={National Bureau of Economic Research}
}

@techreport{auclert2018intertemporal,
  title={The intertemporal keynesian cross},
  author={Auclert, Adrien and Rognlie, Matthew and Straub, Ludwig},
  year={2018},
  institution={National Bureau of Economic Research}
}

@article{benhabib2018skewed,
  title={Skewed wealth distributions: Theory and empirics},
  author={Benhabib, Jess and Bisin, Alberto},
  journal={Journal of Economic Literature},
  volume={56},
  number={4},
  pages={1261--91},
  year={2018}
}

@article{blundell2008consumption,
  title={Consumption inequality and partial insurance},
  author={Blundell, Richard and Pistaferri, Luigi and Preston, Ian},
  journal={American Economic Review},
  volume={98},
  number={5},
  pages={1887--1921},
  year={2008}
}

@article{carroll2001theory,
  title={A theory of the consumption function, with and without liquidity constraints},
  author={Carroll, Christopher D},
  journal={Journal of Economic perspectives},
  volume={15},
  number={3},
  pages={23--45},
  year={2001}
}

@article{carroll2021liquidity,
  title={Liquidity constraints and precautionary saving},
  author={Carroll, Christopher D and Holm, Martin B and Kimball, Miles S},
  journal={Journal of Economic Theory},
  volume={195},
  pages={105276},
  year={2021},
  publisher={Elsevier}
}

@article{carroll2017distribution,
  title={The distribution of wealth and the marginal propensity to consume},
  author={Carroll, Christopher and Slacalek, Jiri and Tokuoka, Kiichi and White, Matthew N},
  journal={Quantitative Economics},
  volume={8},
  number={3},
  pages={977--1020},
  year={2017},
  publisher={Wiley Online Library}
}

@techreport{commault2017does,
  title={How does consumption respond to a transitory income shock? reconciling natural experiments  and structural estimations},
  author={Commault, Jeanne},
  year={2017},
  institution={Working Paper}
}

@techreport{cui2021quantitative,
  title={Quantitative Easing with Heterogenous Agents},
  author={Cui, Wei and Sterk, Vincent},
  year={2021},
  institution={Working Paper}
}

@article{de2017saving,
  title={Saving and wealth inequality},
  author={De Nardi, Mariacristina and Fella, Giulio},
  journal={Review of Economic Dynamics},
  volume={26},
  pages={280--300},
  year={2017},
  publisher={Elsevier}
}

@article{di2020stock,
  title={Stock market returns and consumption},
  author={Di Maggio, Marco and Kermani, Amir and Majlesi, Kaveh},
  journal={The Journal of Finance},
  volume={75},
  number={6},
  pages={3175--3219},
  year={2020},
  publisher={Wiley Online Library}
}

@article{fagereng2019mpc,
  title={MPC heterogeneity and household balance sheets},
  author={Fagereng, Andreas and Holm, Martin Blomhoff and Natvik, Gisle James James},
  journal={Journal of Monetary Economics},
  year={2019}
}

@article{fuster2021would,
  title={What would you do with $500? Spending responses to gains, losses, news, and loans},
  author={Fuster, Andreas and Kaplan, Greg and Zafar, Basit},
  journal={The Review of Economic Studies},
  volume={88},
  number={4},
  pages={1760--1795},
  year={2021},
  publisher={Oxford University Press}
}

@article{ganong2020wealth,
  title={Wealth, race, and consumption smoothing of typical income shocks},
  author={Ganong, Peter and Jones, Damon and Noel, Pascal and Greig, Fiona and Farrell, Diana and Wheat, Chris},
  journal={NBER Working Paper},
  number={w27552},
  year={2020}
}

@article{gelman2021drives,
  title={What drives heterogeneity in the marginal propensity to consume? Temporary shocks vs persistent characteristics},
  author={Gelman, Michael},
  journal={Journal of Monetary Economics},
  volume={117},
  pages={521--542},
  year={2021},
  publisher={Elsevier}
}

@article{gul2001temptation,
  title={Temptation and Self-control},
  author={Gul, Faruk and Pesendorfer, Wolfgang},
  journal={Econometrica},
  volume={69},
  number={6},
  pages={1403--1435},
  year={2001},
  publisher={Wiley Online Library}
}

@article{kaplan2014model,
  title={A model of the consumption response to fiscal stimulus payments},
  author={Kaplan, Greg and Violante, Giovanni L},
  journal={Econometrica},
  volume={82},
  number={4},
  pages={1199--1239},
  year={2014},
  publisher={Wiley Online Library}
}

@article{kaplan2010much,
  title={How much consumption insurance beyond self-insurance?},
  author={Kaplan, Greg and Violante, Giovanni L},
  journal={American Economic Journal: Macroeconomics},
  volume={2},
  number={4},
  pages={53--87},
  year={2010}
}

@article{kaplan2018monetary,
  title={Monetary policy according to HANK},
  author={Kaplan, Greg and Moll, Benjamin and Violante, Giovanni L},
  journal={American Economic Review},
  volume={108},
  number={3},
  pages={697--743},
  year={2018}
}

@article{kaplan2014wealthy,
  title={The Wealthy Hand-to-Mouth},
  author={Kaplan, Greg and Violante, Giovanni L and Weidner, Justin},
  journal={Brookings Papers on Economic Activity},
  volume={2014},
  number={1},
  pages={77--138},
  year={2014},
  publisher={Brookings Institution Press}
}

@article{krusell2010temptation,
  title={Temptation and Taxation},
  author={Krusell, Per and Kuru{\c{s}}{\c{c}}u, Burhanettin and Smith Jr, Anthony A},
  journal={Econometrica},
  volume={78},
  number={6},
  pages={2063--2084},
  year={2010},
  publisher={Wiley Online Library}
}

@article{krusell2002time,
  title={Time Orientation and Asset Prices},
  author={Krusell, Per and Kuru{\c{s}}{\c{c}}u, Burhanettin and Smith Jr, Anthony A},
  journal={Journal of Monetary Economics},
  volume={49},
  number={1},
  pages={107--135},
  year={2002},
  publisher={Elsevier}
}

@article{jappelli2010consumption,
  title={The consumption response to income changes},
  author={Jappelli, Tullio and Pistaferri, Luigi},
  journal={Annu. Rev. Econ.},
  volume={2},
  number={1},
  pages={479--506},
  year={2010},
  publisher={Annual Reviews}
}

@article{johnson2006household,
  title={Household expenditure and the income tax rebates of 2001},
  author={Johnson, David S and Parker, Jonathan A and Souleles, Nicholas S},
  journal={American Economic Review},
  volume={96},
  number={5},
  pages={1589--1610},
  year={2006}
}


@article{mian2013household,
  title={Household balance sheets, consumption, and the economic slump},
  author={Mian, Atif and Rao, Kamalesh and Sufi, Amir},
  journal={The Quarterly Journal of Economics},
  volume={128},
  number={4},
  pages={1687--1726},
  year={2013},
  publisher={MIT Press}
}

@article{nakajima2017assessing,
  title={Assessing bankruptcy reform in a model with temptation and equilibrium default},
  author={Nakajima, Makoto},
  journal={Journal of Public Economics},
  volume={145},
  pages={42--64},
  year={2017},
  publisher={Elsevier}
}

@article{lewis2019latent,
  title={Latent heterogeneity in the marginal propensity to consume},
  author={Lewis, Daniel J and Melcangi, Davide and Pilossoph, Laura},
  journal={FRB of New York Staff Report},
  number={902},
  year={2019}
}

@article{parker2013consumer,
  title={Consumer spending and the economic stimulus payments of 2008},
  author={Parker, Jonathan A and Souleles, Nicholas S and Johnson, David S and McClelland, Robert},
  journal={American Economic Review},
  volume={103},
  number={6},
  pages={2530--53},
  year={2013}
}

@article{parker2019reported,
  title={Reported effects versus revealed-preference estimates: Evidence from the propensity to spend tax rebates},
  author={Parker, Jonathan A and Souleles, Nicholas S},
  journal={American Economic Review: Insights},
  volume={1},
  number={3},
  pages={273--90},
  year={2019}
}

@article{pavoni2017optimal,
  title={Optimal life-cycle capital taxation under self-control problems},
  author={Pavoni, Nicola and Yazici, Hakki},
  journal={The Economic Journal},
  volume={127},
  number={602},
  pages={1188--1216},
  year={2017},
  publisher={Oxford University Press Oxford, UK}
}

@techreport{wolf2019missing,
  title={The missing intercept: A demand equivalence approach},
  author={Wolf, Christian},
  year={2020},
  institution={MIT}
}